@misc{global-digital-report-2019,
    title = "Hootsuite global digital report",
	url="https://p.widencdn.net/kqy7ii/Digital2019-Report-en",
	journal={P.widencdn.net},
	year={2019}
}

@article{java-parse-tree,
author = {Bravenboer, M. and Tanter, Éric and Visser, Eelco},
year = {2006},
month = {10},
pages = {},
title = {Declarative, formal, and extensible syntax definition for AspectJ - A case for scannerless generalized-LR parsing},
volume = {41},
journal = {ACM SIGPLAN Notices},
doi = {10.1145/1167515.1167491}
}

@book{DslEngineering2013,
	author          = {Markus Völter and Sebastian Benz and Christian Dietrich and Birgit Engelmann and Mats Helander and Lennart C. L. Kats and Eelco Visser and Guido Wachsmuth},
	title           = {{DSL} Engineering - Designing, Implementing and Using Domain-Specific Languages},
	publisher       = {dslbook.org},
	year            = {2013},
	isbn            = {978-1-4812-1858-0},
	url             = {http://www.dslbook.org},
	topic           = {model-driven software development,domain-specific languages,Programming languages},
	group           = {SE}
}

@book{DBLP:books/daglib/0034522,
  author    = {Martin Fowler},
  title     = {Domain-Specific Languages},
  series    = {The Addison-Wesley signature series},
  publisher = {Addison-Wesley},
  year      = {2011},
  url       = {http://vig.pearsoned.com/store/product/1,1207,store-12521\_isbn-0321712943,00.html},
  isbn      = {978-0-321-71294-3},
  timestamp = {Mon, 23 Mar 2015 16:47:20 +0100},
  biburl    = {https://dblp.org/rec/bib/books/daglib/0034522},
  bibsource = {dblp computer science bibliography, https://dblp.org}
}

@book{grune2012modern,
  title={Modern compiler design},
  author={Grune, Dick and Van Reeuwijk, Kees and Bal, Henri E and Jacobs, Ceriel JH and Langendoen, Koen},
  year={2012},
  publisher={Springer Science \& Business Media}
}

@misc{github,
    title = "The State of the Ovtoverse",
    url={https://octoverse.github.com/},
    journal={The State of the Octoverse},
    year={2019}
}

@article{us-election,
author = {Philip N. Howard and Samuel Woolley and Ryan Calo},
title = {Algorithms, bots, and political communication in the US 2016 election: The challenge of automated political communication for election law and administration},
journal = {Journal of Information Technology \& Politics},
volume = {15},
number = {2},
pages = {81-93},
year  = {2018},
publisher = {Routledge},
doi = {10.1080/19331681.2018.1448735},

URL = { 
        https://doi.org/10.1080/19331681.2018.1448735
    
},
eprint = { 
        https://doi.org/10.1080/19331681.2018.1448735
    
}

}

@inproceedings{varol2017online,
  title={Online human-bot interactions: Detection, estimation, and characterization},
  author={Varol, Onur and Ferrara, Emilio and Davis, Clayton A and Menczer, Filippo and Flammini, Alessandro},
  booktitle={Eleventh international AAAI conference on web and social media},
  year={2017}
}

@misc{gorbis_woolley_2019,
    title={Social media bots threaten democracy.},
    url={https://www.theguardian.com/commentisfree/2017/oct/16/bots-social-media-threaten-democracy-technology},
    journal={the Guardian},
    author={Gorbis, Marina and Woolley, Samuel},
    year={2019}
}

@misc{tweetdeck,
    title="How to use TweetDeck",
    url={https://help.twitter.com/en/using-twitter/how-to-use-tweetdeck}, journal={Help.twitter.com},
    year={2019}
}

@misc{tweetdeck-features,
    title="TweetDeck Advanced Features",
    url={https://help.twitter.com/en/using-twitter/advanced-tweetdeck-features}, journal={Help.twitter.com},
    year={2019}
}

@misc{tweetdeck-dashboard,
    title="TweetDeck Dashboard",
    url={https://www.invoiceberry.com/blog/boost-social-media-presence-smes-freelancers/tweetdeck_screenshot/},
    journal={InvoiceBerry Blog},
    year={2019}
}

@misc{inc._2019,
    title={Social Media Management Dashboard - Hootsuite},
    url={https://hootsuite.com/en-gb/},[break] journal={Hootsuite},
    author={Inc., Hootsuite},
    year={2019}
}

@misc{gesenhues_gesenhues_2019,
    title={Hootsuite Dashboard},
    url={https://marketingland.com/hootsuite-integrates-yext-reviews-into-its-dashboard-263139},
    journal={Marketing Land},
    author={Gesenhues, Amy and Gesenhues, Amy},
    year={2019}
}

@misc{socialbot,
    title="Python bots for social networks",
    url={https://github.com/isaacdlp/socialbot},
    journal={GitHub},
    year={2019}
}

@ARTICLE{8239928,
author={C. {Lebeuf} and M. {Storey} and A. {Zagalsky}},
journal={IEEE Software},
title={Software Bots},
year={2018},
volume={35},
number={1},
pages={18-23},
keywords={software agents;software engineering;current bot technology;software engineering;software bots;Software development;Graphical user interfaces;Bot (Internet);Software engineering;software bots;bots;chatbots;Slack;software engineering;software development;Software Technology},
doi={10.1109/MS.2017.4541027},
ISSN={},
month={January},}
