@misc{DeveloperPolicy,
    title={Developer Agreement and Policy},
    url="https://developer.twitter.com/en/developer-terms/agreement-and-policy",
    journal={Developer Agreement},
    author={Twitter},
    year={2020}
}

@misc{antlr,
    title="What is ANTLR?",
    url="https://www.antlr.org/",
    journal="Developer Agreement",
    author="Terence Parr",
    year="2020"
}

@book{parr2013definitive,
  title={The definitive ANTLR 4 reference},
  author={Parr, Terence},
  year={2013},
  publisher={Pragmatic Bookshelf}
}

@article{aho1971translations,
  title={Translations on a context free grammar},
  author={Aho, Alfred V and Ullman, Jeffrey D},
  journal={Information and Control},
  volume={19},
  number={5},
  pages={439--475},
  year={1971},
  publisher={Elsevier}
}

@article{backus1960report,
  title={Report on the algorithmic language ALGOL 60},
  author={Backus, John W and Bauer, Friedrich L and Green, Julien and Katz, Charles and McCarthy, John and Perlis, Alan J and Rutishauser, Heinz and Samelson, Klaus and Vauquois, Bernard and Wegstein, Joseph Henry and others},
  journal={Communications of the ACM},
  volume={3},
  number={5},
  pages={299--314},
  year={1960},
  publisher={ACM New York, NY, USA}
}

@article{deacon2009model,
  title={Model-view-controller (mvc) architecture},
  author={Deacon, John},
  journal={Online][Citado em: 10 de mar{\c{c}}o de 2006.] http://www. jdl. co. uk/briefings/MVC. pdf},
  year={2009}
}

@misc{mvc, title={Model View Controller}, url={https://en.wikipedia.org/wiki/Model-view-controller}, author={RegisFrey}}

@book{DslEngineering2013,
	author          = {Markus VÃ¶lter and Sebastian Benz and Christian Dietrich and Birgit Engelmann and Mats Helander and Lennart C. L. Kats and Eelco Visser and Guido Wachsmuth},
	title           = {{DSL} Engineering - Designing, Implementing and Using Domain-Specific Languages},
	publisher       = {dslbook.org},
	year            = {2013},
	isbn            = {978-1-4812-1858-0},
	url             = {http://www.dslbook.org},
	topic           = {model-driven software development,domain-specific languages,Programming languages},
	group           = {SE}
}

@book{grune2012modern,
  title={Modern compiler design},
  author={Grune, Dick and Van Reeuwijk, Kees and Bal, Henri E and Jacobs, Ceriel JH and Langendoen, Koen},
  year={2012},
  publisher={Springer Science \& Business Media}
}

@article{hopcroft2001introduction,
  title={Introduction to automata theory, languages, and computation},
  author={Hopcroft, John E and Motwani, Rajeev and Ullman, Jeffrey D},
  journal={Acm Sigact News},
  volume={32},
  number={1},
  pages={60--65},
  year={2001},
  publisher={ACM New York, NY, USA}
}

@book{meduna2014formal,
  title={Formal Languages and Computation: Models and their applications},
  author={Meduna, Alexander},
  year={2014},
  publisher={CRC Press}
}

@book{aho2003compilers,
  title={Compilers: principles, techniques and tools.},
  author={Aho, Alfred V},
  year={2003},
  publisher={Pearson Education India}
}

@article{parr2011ll,
  title={LL (*) the foundation of the ANTLR parser generator},
  author={Parr, Terence and Fisher, Kathleen},
  journal={ACM Sigplan Notices},
  volume={46},
  number={6},
  pages={425--436},
  year={2011},
  publisher={ACM New York, NY, USA}
}

@article{bovet2008antlrworks,
  title={ANTLRWorks: an ANTLR grammar development environment},
  author={Bovet, Jean and Parr, Terence},
  journal={Software: Practice and Experience},
  volume={38},
  number={12},
  pages={1305--1332},
  year={2008},
  publisher={Wiley Online Library}
}

@article{standard1996ebnf,
  title={Ebnf: Iso/iec 14977: 1996 (e)},
  author={Standard, EBNF Syntaxt Specification},
  journal={URL http://www. cl. cam. ac. uk/mgk25/iso-14977. pdf},
  volume={70},
  year={1996}
}